% Agente

@article{green1997,
  title={Software agents: A review},
  author={Green, Shaw and Hurst, Leon and Nangle, Brenda and Cunningham, P{\'a}draig and Somers, Fergal and Evans, Richard},
  journal={Department of Computer Science, Trinity College Dublin, Tech. Rep. TCS-CS-1997-06},
  year={1997}
}

@article{mcarthur2007multi,
  title={Multi-agent systems for power engineering applications—Part I: Concepts, approaches, and technical challenges},
  author={McArthur, Stephen DJ and Davidson, Euan M and Catterson, Victoria M and Dimeas, Aris L and Hatziargyriou, Nikos D and Ponci, Ferdinanda and Funabashi, Toshihisa},
  journal={IEEE Transactions on Power systems},
  volume={22},
  number={4},
  pages={1743--1752},
  year={2007},
  publisher={IEEE}
}

@misc{wooldridge1999intelligent,
  title={Intelligent Agents. Weiss, G.(Ed): Multi-agent Systems: a Modern Approach to Distributed Artificial Intelligence},
  author={Wooldridge, M},
  year={1999},
  publisher={The MIT Press}
}


@article{griss2001software,
  title={Software agents as next generation software components},
  author={Griss, Martin L},
  journal={Component-based software engineering},
  pages={641--657},
  year={2001},
  publisher={Addison-Wesley}
}

@article{jennings1996,
  title={Software agents},
  author={Jennings, Nicholas R and Wooldridge, Michael J},
  journal={IEE review},
  pages={17--20},
  year={1996}
}

@article{selker1994,
  title={COACH: a teaching agent that learns},
  author={Selker, Ted},
  journal={Communications of the ACM},
  volume={37},
  number={7},
  pages={92--99},
  year={1994},
  publisher={ACM}
}

@article{wooldridge1995,
  title={Intelligent agents: Theory and practice},
  author={Wooldridge, Michael and Jennings, Nicholas R},
  journal={The knowledge engineering review},
  volume={10},
  number={02},
  pages={115--152},
  year={1995},
  publisher={Cambridge Univ Press}
}

%Multiagente
@book{van2008handbook,
  title={Handbook of knowledge representation},
  author={Van Harmelen, Frank and Lifschitz, Vladimir and Porter, Bruce},
  volume={1},
  year={2008},
  publisher={Elsevier}
}

@article{lesser1999,
  title={Cooperative multiagent systems: A personal view of the state of the art},
  author={Lesser, Victor R},
  journal={IEEE Transactions on knowledge and data engineering},
  volume={11},
  number={1},
  pages={133--142},
  year={1999},
  publisher={IEEE}
}

@phdthesis{serrano2011,
  title={Desenvolvimento Intencional de Software Transparente Baseado em Argumenta{\c{c}}{\~a}o},
  author={Serrano, Maur{\'\i}cio},
  year={2011},
  school={PUC-Rio}
}

@article{jennings2000,
  title={On agent-based software engineering},
  author={Jennings, Nicholas R},
  journal={Artificial intelligence},
  volume={117},
  number={2},
  pages={277--296},
  year={2000},
  publisher={Elsevier}
}


@book{livrao,
  title={An introduction to multiagent systems},
  author={Wooldridge, Michael},
  year={2009},
  publisher={John Wiley \& Sons}
}

@article{silva2003padroes,
  title={Padr{\~o}es Arquiteturais para o Desenvolvimento de Aplica{\c{c}}{\~o}es Multiagente},
  author={Silva Junior, Geovane Bezerra da and others},
  year={2003},
  publisher={Universidade Federal do Maranh{\~a}o}
}


%Arquitetura de software
@book{pressman,
  title={Engenharia de Software-8{\textordfeminine} Edi{\c{c}}{\~a}o},
  author={Pressman, Roger and Maxim, Bruce},
  year={2016},
  publisher={McGraw Hill Brasil}
}

%Padrão Arquitetural
@article{avgeriou2005,
  title={Architectural patterns revisited--a pattern},
  author={Avgeriou, Paris and Zdun, Uwe},
  year={2005}
}

@article{shaw1996,
  title={Some patterns for software architectures},
  author={Shaw, Mary},
  journal={Pattern languages of program design},
  volume={2},
  pages={255--269},
  year={1996}
}


%Catálogo de padrões
%http://www.sci.brooklyn.cuny.edu/~sklar/teaching/s08/cis20.2/papers/appleton-patterns-intro.pdf
@misc{appleton1997,
  title={Patterns and software: Essential concepts and terminology},
  author={Appleton, Brad},
  year={1997}
}

@book{gamma1995,
  title={Design patterns: elements of reusable object-oriented software},
  author={Gamma, Erich},
  year={1995},
  publisher={Pearson Education India}
}

%Padrão de projeto
@article{johnson1995,
  title={Design patterns: Elements of reusable object-oriented software},
  author={Johnson, Ralph and Gamma, Erich and Helm, Richard and Vlissides, John},
  journal={Boston, Massachusetts: Addison-Wesley},
  year={1995}
}

@book{gamma2009,
  title={Padr{\~o}es de Projetos: Solu{\c{c}}{\~o}es Reutiliz{\'a}veis},
  author={Gamma, Erich},
  year={2009},
  publisher={Bookman editora}
}


%Arquitetura de software
@book{buschmann2007,
  title={Pattern-oriented software architecture, on patterns and pattern languages},
  author={Buschmann, Frank and Henney, Kevin and Schmidt, Douglas C},
  volume={5},
  year={2007},
  publisher={John wiley \& sons}
}

@book{vilet2007,
  title={Software engineering: principles and practice},
  author={Van Vliet, Hans and Van Vliet, JC},
  volume={3},
  year={2007},
  publisher={Wiley New York}
}

@article{richards2015software,
  title={Software architecture patterns},
  author={Richards, Mark},
  journal={O'Reilly Media},
  year={2015}
}


% Arquiteturas de SMA - Organizacional
@article{kolp2006,
  title={Multi-agent architectures as organizational structures},
  author={Kolp, Manuel and Giorgini, Paolo and Mylopoulos, John},
  journal={Autonomous Agents and Multi-Agent Systems},
  volume={13},
  number={1},
  pages={3--25},
  year={2006},
  publisher={Springer}
}

@inproceedings{do2003,
  title={Organizational Multi-Agent Architectures for Information Systems.},
  author={{TUNG DO}, T and Faulkner, St{\'e}phane and Kolp, Manuel},
  booktitle={ICEIS (3)},
  pages={89--96},
  year={2003}
}

@inproceedings{kolp2002,
  title={Organizational multi-agent architectures: a mobile robot example},
  author={Kolp, Manuel and Giorgini, Paolo and Mylopoulos, John},
  booktitle={Proceedings of the first international joint conference on Autonomous agents and multiagent systems: part 1},
  pages={94--95},
  year={2002},
  organization={ACM}
}

@inproceedings{zambonelli2001,
  title={Organisational abstractions for the analysis and design of multi-agent systems},
  author={Zambonelli, Franco and Jennings, Nicholas R and Wooldridge, Michael},
  booktitle={Agent-oriented software engineering},
  pages={235--251},
  year={2001},
  organization={Springer}
}

@book{van2004organizational,
  title={Organizational Principles for Multi-Agent Architectures},
  author={van Aart, Chris},
  year={2004},
  publisher={Springer Science \& Business Media}
}

@article{sycara1998multiagent,
  title={Multiagent systems},
  author={Sycara, Katia P},
  journal={AI magazine},
  volume={19},
  number={2},
  pages={79},
  year={1998}
}

@book{developing,
  title={Developing multi-agent systems with JADE},
  author={Bellifemine, Fabio Luigi and Caire, Giovanni and Greenwood, Dominic},
  volume={7},
  year={2007},
  publisher={John Wiley \& Sons}
}

@article{jadeguide,
  title={Jade programmer’s guide},
  author={Bellifemine, Fabio and Caire, Giovanni and Trucco, Tiziana and Rimassa, Giovanni},
  url={http://jade.tilab.com/doc/programmersguide.pdf},
  journal={Jade version},
  volume={3},
  year={2002}
}

@article{jadesite,
  title={JAVA Agent DEvelopment Framework},
  author={JADE},
  url={http://jade.tilab.com/},
  year={2017}
}

@article{caire2007,
  title={JADE Programming Tutorial for Beginners},
  author={Caire, Giovanni},
  journal={TILAB, CSELT},
  year={2009}
}


% Metodologia
@article{fonseca,
  title={Metodologia da pesquisa cient{\'\i}fica},
  author={Fonseca, Jo{\~a}o Jos{\'e} Saraiva da},
  journal={Fortaleza: UEC},
  pages={65--75},
  year={2002}
}

@article{silveira,
  title={Unidade 2--A pesquisa cient{\'\i}fica},
  author={Silveira, Denise Tolfo and C{\'o}rdova, Fernanda Peixoto},
  journal={M{\'e}todos de pesquisa},
  volume={1},
  year={2009}
}

@book{prodanov2013,
  title={Metodologia do Trabalho Cient{\'\i}fico: M{\'e}todos e T{\'e}cnicas da Pesquisa e do Trabalho Acad{\^e}mico-2{\textordfeminine} Edi{\c{c}}{\~a}o},
  author={Prodanov, Cleber Cristiano and de Freitas, Ernani Cesar},
  year={2013},
  publisher={Editora Feevale}
}

@article{gil2002,
  title={Como elaborar projetos de pesquisa},
  author={Gil, Antonio Carlos},
  journal={S{\~a}o Paulo},
  volume={5},
  pages={61},
  year={2002},
}

@book{gil2008,
  title={Métodos e técnicas de pesquisa social},
  author={Gil, Antonio Carlos},
  journal={S{\~a}o Paulo},
  volume={6},
  year={2008},
  publisher={Atlas}
}

@book{demo2000metodologia,
  title={Metodologia do conhecimento cient{\'\i}fico},
  author={Demo, Pedro},
  year={2000},
  publisher={Atlas}
}

@article{engel2000pesquisa,
  title={Pesquisa-a{\c{c}}{\~a}o},
  author={Engel, Guido Irineu},
  journal={Educar em Revista},
  number={16},
  pages={181--191},
  year={2000},
  publisher={SciELO Brasil}
}


% Revisão sistemática
@article{biolchini2005,
  title={Systematic review in software engineering},
  author={Biolchini, Jorge and Mian, P Gomes and Natali, Ana Candida Cruz and Travassos, Guilherme Horta},
  journal={System Engineering and Computer Science Department COPPE/UFRJ, Technical Report ES},
  volume={679},
  number={05},
  pages={45},
  year={2005}
}

@article{kitchenham2004,
  title={Procedures for performing systematic reviews},
  author={Kitchenham, Barbara},
  journal={Keele, UK, Keele University},
  volume={33},
  number={2004},
  pages={1--26},
  year={2004}
}


@article{sampaio2007,
  title={Estudos de revis{\~a}o sistem{\'a}tica: um guia para s{\'\i}ntese criteriosa da evid{\^e}ncia cient{\'\i}fica},
  author={Sampaio, Rosana Ferreira and Mancini, Marisa Cotta},
  journal={Braz. J. Phys. Ther.(Impr.)},
  volume={11},
  number={1},
  pages={83--89},
  year={2007}
}


@inproceedings{kitchenham2004evidence,
  title={Evidence-based software engineering},
  author={Kitchenham, Barbara A and Dyba, Tore and Jorgensen, Magne},
  booktitle={Proceedings of the 26th international conference on software engineering},
  pages={273--281},
  year={2004},
  organization={IEEE Computer Society}
}

@article{zhang2011identifying,
  title={Identifying relevant studies in software engineering},
  author={Zhang, He and Babar, Muhammad Ali and Tell, Paolo},
  journal={Information and Software Technology},
  volume={53},
  number={6},
  pages={625--637},
  year={2011},
  publisher={Elsevier}
}


% Scrum
@online{schwaber2016,
  title={The Scrum Guide -- The definitive guide to Scrum: The rules of the game (2016)},
  author={Schwaber, K and Sutherland, J},
  url={http://www.scrumguides.org/docs/scrumguide/v2016/2016-Scrum-Guide-US.pdf},
  year={2016}
}

@article{beedle1999,
  title={SCRUM: An extension pattern language for hyperproductive software development},
  author={Beedle, Mike and Devos, Martine and Sharon, Yonat and Schwaber, Ken and Sutherland, Jeff},
  journal={Pattern Languages of Program Design},
  volume={4},
  pages={637--651},
  year={1999}
}

@book{rubin2012,
  title={Essential Scrum: a practical guide to the most popular agile process},
  author={Rubin, Kenneth S},
  year={2012},
  publisher={Addison-Wesley}
}



% Protocolo de rs
@article{ramaiane2014,
  title={Qualidade na modelagem de processos de software},
  author={Silva, Ramaiane Medeiros da},
  year={2014}
}

%%%%%%%%%%%%%%%%%%%%%%%%%%%%%%%%%%%%%%%%%%%%%%%%%%%%%%%%%%%
%Suporte tecnológico

% Bonita
@book{bonita2016,
  title={About Bonita BPM},
  author={BonitaSoft},
  year={2016},
  url={http://www.bonitasoft.com/products#about-bonita-bpm},
}

% Trello
@book{trello2017,
  title={Sobre o Trello},
  author={Trello},
  year={2017},
  url={https://trello.com/tour},
}

% Git
@book{chacon2014,
  title={Pro git},
  author={Chacon, Scott and Straub, Ben},
  year={2014},
  journal={https://progit2.s3.amazonaws.com/en/2016-03-22-f3531/progit-en.1084.pdf.},
  publisher={Apress}
}

% Github
@ONLINE {github2016,
    author = {GitHub},
    title  = {GitHub},
    year   = {2016},
    url    = {https://github.com/}
}

% Debian
@ONLINE {debian2016,
    author= {Debian},
    title= {About Debian},
    year={2016},
    url = {https://www.debian.org/intro/about}
}

% Atom
@ONLINE {atom2016,
    author  = {Atom},
    title   = {Atom - FAQ},
    year    = {2016},
    url     = {https://atom.io/faq}
}
    
% Parsifal
@ONLINE {parsifal2016,
    author = {Parsifal},
    title = {Perform Systematic Literature Reviews},
    year = {2016},
    url = {https://parsif.al/}
}

% Latex
@ONLINE {latex2016,
    author = {LaTeX},
    title = {A document preparation system},
    year = {2016},
    url = {https://latex-project.org/}
}

% Papeeria
@ONLINE {papeeria2016,
    author = {Papeeria},
    title = {Papeeria: online LaTeX editor},
    year = {2016},
    url = {https://www.papeeria.com/}
}

%
%
@ONLINE {eclipse2016,
    author = {{ECLIPSE FOUNDATION}},
    title = {Help - Eclipse Plataform: What is Eclipse?},
    year = {2016},
    url = {http://help.eclipse.org/neon/index.jsp}
}


%Proposta

@book{larman2002utilizando,
  title={Utilizando UML e padr{\~o}es},
  author={Larman, Craig},
  year={2002},
  publisher={Bookman Editora}
}

@article{malone1990organizing,
  title={Organizing information processing systems: Parallels between human organizations and computer systems},
  author={Malone, Thomas W},
  journal={Cognition, Computation and Cooperation},
  pages={56--83},
  year={1990},
  publisher={Ablex, Norwood, NJ}
}

@incollection{deugo2001reusable,
  title={Reusable patterns for agent coordination},
  author={Deugo, Dwight and Weiss, Michael and Kendall, Elizabeth},
  booktitle={Coordination of Internet agents},
  pages={347--368},
  year={2001},
  publisher={Springer}
}

@ONLINE{kai2002,
    author = {Koskimies, Kai},
    title = {Pattern Mining and Pattern Life-Cycle},
    year = {2002},
    url = {http://www.cs.tut.fi/~ohar/Slides2000/Luento5/sld032.htm}
}


%RS-SCIENCE DIRECT

@article{Bajo2016716,
title = "A low-level resource allocation in an agent-based Cloud Computing platform ",
journal = "Applied Soft Computing ",
volume = "48",
number = "",
pages = "716 - 728",
year = "2016",
note = "",
issn = "1568-4946",
doi = "https://doi.org/10.1016/j.asoc.2016.05.056",
url = "http://www.sciencedirect.com/science/article/pii/S156849461630268X",
author = "Javier Bajo and Fernando De la Prieta and Juan M. Corchado and Sara Rodríguez",
}

@article{Xiang2010600,
title = "Comparison of tightly and loosely coupled decision paradigms in multiagent expedition ",
journal = "International Journal of Approximate Reasoning ",
volume = "51",
number = "5",
pages = "600 - 613",
year = "2010",
note = "PGM-2008 ",
issn = "0888-613X",
doi = "https://doi.org/10.1016/j.ijar.2010.01.016",
url = "http://www.sciencedirect.com/science/article/pii/S0888613X1000023X",
author = "Yang Xiang and Franklin Hanshar",
}

@article{Unland1995139,
title = "AEGIS: Agent oriented organisations ",
journal = "Accounting, Management and Information Technologies ",
volume = "5",
number = "2",
pages = "139 - 162",
year = "1995",
note = "",
issn = "0959-8022",
doi = "https://doi.org/10.1016/0959-8022(95)00009-X",
url = "http://www.sciencedirect.com/science/article/pii/095980229500009X",
author = "R. Unland and S. Kirn and U. Wanka and G.M.P. O'Hare and S. Abbas",
}

@article{Nickles2005891,
title = "Expectation-oriented modeling ",
journal = "Engineering Applications of Artificial Intelligence ",
volume = "18",
number = "8",
pages = "891 - 918",
year = "2005",
note = "",
issn = "0952-1976",
doi = "https://doi.org/10.1016/j.engappai.2005.05.002",
url = "http://www.sciencedirect.com/science/article/pii/S0952197605000618",
author = "Matthias Nickles and Michael Rovatsos and Gerhard Weiss",
}

@article{Argente200655,
title = "Multi-Agent System Development Based on Organizations ",
journal = "Electronic Notes in Theoretical Computer Science ",
volume = "150",
number = "3",
pages = "55 - 71",
year = "2006",
note = "Proceedings of the First International Workshop on Coordination and Organisation (CoOrg 2005)Proceedings of the First International Workshop on Coordination and Organisation (CoOrg 2005) ",
issn = "1571-0661",
doi = "https://doi.org/10.1016/j.entcs.2006.03.005",
url = "http://www.sciencedirect.com/science/article/pii/S157106610600329X",
author = "Estefania Argente and Vicente Julian and Vicente Botti",
}


%RS - IEEEXPLORER

@INPROCEEDINGS{5423189,
author={E. T. Matson},
booktitle={2009 IEEE International Symposium on Computational Intelligence in Robotics and Automation - (CIRA)},
title={Embedding intelligent agents to enable physical robotic and sensor organizations},
year={2009},
pages={309-315},
}

@INPROCEEDINGS{4273949,
author={K. H. van Dam and Z. Lukszo},
booktitle={2006 IEEE International Conference on Systems, Man and Cybernetics},
title={Modelling Energy and Transport Infrastructures as a Multi-Agent System using a Generic Ontology},
year={2006},
volume={1},
pages={890-895},
}

@INPROCEEDINGS{4028192,
author={X. h. Peng and D. s. Yang and Z. Liu and J. c. Huang},
booktitle={2006 International Conference on Machine Learning and Cybernetics},
title={Study on Cooperation Mechanism in Agent Organization},
year={2006},
pages={906-910},
}

@INPROCEEDINGS{4659311,
author={J. B. L. Filipe and A. L. N. Fred},
booktitle={2007 Sixth Mexican International Conference on Artificial Intelligence, Special Session (MICAI)},
title={Collective Agents and Collective Intentionality Using the EDA Model},
year={2007},
pages={211-220},
}

@INBOOK{6284635,
author={Gerhard Weiss},
booktitle={Multiagent Systems:A Modern Approach to Distributed Artificial Intelligence},
title={Computational Organization Theory},
year={2000},
pages={299-330},
publisher={MIT Press},
isbn={9780262257183},
url={http://ieeexplore.ieee.org/xpl/articleDetails.jsp?arnumber=6284635},}

@INPROCEEDINGS{4721801,
author={Q. Liu and X. Cui and X. Hu},
booktitle={2008 International Conference on Computer Science and Software Engineering},
title={Conflict Resolution within Multi-agent System in Collaborative Design},
year={2008},
volume={1},
pages={520-523},
}


@INPROCEEDINGS{5116461,
author={Y. Chen and X. Xiao and Y. Song},
booktitle={2008 International Seminar on Business and Information Management},
title={Research on the Bidding Information Integrated System of Generation Group},
year={2008},
volume={2},
pages={225-228},
}

@INPROCEEDINGS{5376390,
author={K. Wu and C. Duan and Q. Shi},
booktitle={2009 International Conference on Artificial Intelligence and Computational Intelligence},
title={Multi-agent Based Power Grid Data Integration and Sharing Platform},
year={2009},
volume={4},
pages={184-188},}

@INPROCEEDINGS{5138050,
author={X. Chen},
booktitle={2009 International Conference on E-Business and Information System Security},
title={Research on Grid-Service Based Virtual Products Experience Environment Supporting Architecture in E-commerce Applications},
year={2009},
pages={1-5},}

@INPROCEEDINGS{5670073,
author={A. Mercier and M. Occello and J. P. Jamont},
booktitle={2010 22nd IEEE International Conference on Tools with Artificial Intelligence},
title={Using Multiagent Self-organization Techniques to Improve Dynamic Skill Searching in Virtual Social Communities},
year={2010},
volume={1},
pages={481-484},
}

@INPROCEEDINGS{6040770,
author={T. T. H. Hoang and M. Occello and J. P. Jamont},
booktitle={2011 IEEE/WIC/ACM International Conferences on Web Intelligence and Intelligent Agent Technology},
title={A Generic Recursive Multiagent Model to Simplify Large Scale Multi-level Systems Observation},
year={2011},
volume={2},
pages={155-158},
}

@INPROCEEDINGS{7400639,
author={A. Gabriel and D. Monticolo and M. Camargo and M. Bourgault},
booktitle={2015 11th International Conference on Signal-Image Technology Internet-Based Systems (SITIS)},
title={Multi-agent System to Support Creative Workshop},
year={2015},
pages={693-697},
}


%resultados
@online{vaucher2017,
  title={Using Jade Behaviours},
  author={Vaucher, Jean},
  url={https://www.iro.umontreal.ca/~vaucher/Agents/Jade/primer6.html},
  publisher={Université de Montréal Département d'informatique et de recherche opérationnelle},
  year={2017}
}

%Conflict resolution

@inproceedings{liu2008conflict,
  title={Conflict resolution within multi-agent system in collaborative design},
  author={Liu, Quan and Cui, Xingran and Hu, Xiuyin},
  booktitle={Computer Science and Software Engineering, 2008 International Conference on},
  volume={1},
  pages={520--523},
  year={2008},
  organization={IEEE}
}

%Master/slave
@inproceedings{aridor1998agent,
  title={Agent design patterns: elements of agent application design},
  author={Aridor, Yariv and Lange, Danny B},
  booktitle={Proceedings of the second international conference on Autonomous agents},
  pages={108--115},
  year={1998},
  organization={ACM}
}

%Blackboard
@inproceedings{dong2005event,
  title={Event-based blackboard architecture for multi-agent systems},
  author={Dong, Jing and Chen, Shanguo and Jeng, J-J},
  booktitle={Information Technology: Coding and Computing, 2005. ITCC 2005. International Conference on},
  volume={2},
  pages={379--384},
  year={2005},
  organization={IEEE}
}

@book{weiss1999multiagent,
  title={Multiagent systems: a modern approach to distributed artificial intelligence},
  author={Weiss, Gerhard},
  year={1999},
  publisher={MIT press}
}


@article{ito2000blackboard,
  title={A blackboard-based negotiation for collaborative supply chain system},
  author={Ito, Teruaki and Salleh, Mohd Rizal},
  journal={Journal of Materials Processing Technology},
  volume={107},
  number={1},
  pages={398--403},
  year={2000},
  publisher={Elsevier}
}

%macron
@inproceedings{decker1995macron,
  title={MACRON: an architecture for multi-agent cooperative information gathering},
  author={Decker, Keith and Lesser, Victor and Prasad, MV Nagendra and Wagner, Thomas},
  booktitle={Proccedings of the CIKM-95 Workshop on Intelligent Information Agents},
  year={1995}
}

@book{shehory1998architectural,
  title={Architectural properties of multi-agent systems},
  author={Shehory, Onn M},
  year={1998},
  publisher={Carnegie Mellon University, The Robotics Institute}
}

%PGP
@article{decker1992generalizing,
  title={Generalizing the partial global planning algorithm},
  author={Decker, Keith S and Lesser, Victor R},
  journal={International Journal of Intelligent and Cooperative Information Systems},
  volume={1},
  number={02},
  pages={319--346},
  year={1992},
  publisher={World Scientific}
}

@article{de2009introduction,
  title={Introduction to planning in multiagent systems},
  author={De Weerdt, Mathijs and Clement, Brad},
  journal={Multiagent and Grid Systems},
  volume={5},
  number={4},
  pages={345--355},
  year={2009},
  publisher={IOS Press}
}

@inproceedings{decker1998coordinated,
  title={Coordinated hospital patient scheduling},
  author={Decker, Keith and Li, Jinjiang},
  booktitle={Multi Agent Systems, 1998. Proceedings. International Conference on},
  pages={104--111},
  year={1998},
  organization={IEEE}
}